@inproceedings{rajpurkar2018know,
    title="Know What You Don{'}t Know: Unanswerable Questions for {SQ}u{AD}",
    author="Rajpurkar, Pranav and Jia, Robin and Liang, Percy",
    booktitle="Association for Computational Linguistics (ACL)",
    year="2018",
}
@article{smart,
  title={Smart: Robust and efficient fine-tuning for pre-trained natural language models through principled regularized optimization},
  author={Jiang, Haoming and He, Pengcheng and Chen, Weizhu and Liu, Xiaodong and Gao, Jianfeng and Zhao, Tuo},
  journal={arXiv preprint arXiv:1911.03437},
  year={2019}
}
@article{glue,
  title={GLUE: A multi-task benchmark and analysis platform for natural language understanding},
  author={Wang, Alex and Singh, Amanpreet and Michael, Julian and Hill, Felix and Levy, Omer and Bowman, Samuel R},
  journal={arXiv preprint arXiv:1804.07461},
  year={2018}
}

@article{devlin2018bert,
  title={Bert: Pre-training of deep bidirectional transformers for language understanding},
  author={Devlin, Jacob and Chang, Ming-Wei and Lee, Kenton and Toutanova, Kristina},
  journal={arXiv preprint arXiv:1810.04805},
  year={2018}
}
@article{smart-reply,
  doi = {10.48550/ARXIV.1705.00652},
  url = {https://arxiv.org/abs/1705.00652},
  author = {Henderson, Matthew and Al-Rfou, Rami and Strope, Brian and Sung, Yun-hsuan and Lukacs, Laszlo and Guo, Ruiqi and Kumar, Sanjiv and Miklos, Balint and Kurzweil, Ray},
  keywords = {Computation and Language (cs.CL), FOS: Computer and information sciences, FOS: Computer and information sciences},
  title = {Efficient Natural Language Response Suggestion for Smart Reply},
  publisher = {arXiv},
  year = {2017},
  copyright = {arXiv.org perpetual, non-exclusive license}
}

@article{simcse,
  doi = {10.48550/ARXIV.2104.08821},
  url = {https://arxiv.org/abs/2104.08821},
  author = {Gao, Tianyu and Yao, Xingcheng and Chen, Danqi},
  keywords = {Computation and Language (cs.CL), Machine Learning (cs.LG), FOS: Computer and information sciences, FOS: Computer and information sciences},
  title = {SimCSE: Simple Contrastive Learning of Sentence Embeddings},
  publisher = {arXiv},
  year = {2021},
  copyright = {arXiv.org perpetual, non-exclusive license}
}


@article{bert,
  title={Bert: Pre-training of deep bidirectional transformers for language understanding},
  author={Devlin, Jacob and Chang, Ming-Wei and Lee, Kenton and Toutanova, Kristina},
  journal={arXiv preprint arXiv:1810.04805},
  year={2018}
}
