@article{simcse,
  doi = {10.48550/ARXIV.2104.08821},
  url = {https://arxiv.org/abs/2104.08821},
  author = {Gao, Tianyu and Yao, Xingcheng and Chen, Danqi},
  keywords = {Computation and Language (cs.CL), Machine Learning (cs.LG), FOS: Computer and information sciences, FOS: Computer and information sciences},
  title = {SimCSE: Simple Contrastive Learning of Sentence Embeddings},
  publisher = {arXiv},
  year = {2021},
  copyright = {arXiv.org perpetual, non-exclusive license}
}


@article{bert,
  title={Bert: Pre-training of deep bidirectional transformers for language understanding},
  author={Devlin, Jacob and Chang, Ming-Wei and Lee, Kenton and Toutanova, Kristina},
  journal={arXiv preprint arXiv:1810.04805},
  year={2018}
}


@misc{bertsst5,
	author = {},
	title = {{P}apers with {C}ode - {S}{S}{T}-5 {F}ine-grained classification {B}enchmark ({S}entiment {A}nalysis) --- paperswithcode.com},
	howpublished = {\url{https://paperswithcode.com/sota/sentiment-analysis-on-sst-5-fine-grained}},
	year = {},
	note = {[Accessed 03-Mar-2023]},
}


@article{mtdnn,
  title={Multi-task deep neural networks for natural language understanding},
  author={Liu, Xiaodong and He, Pengcheng and Chen, Weizhu and Gao, Jianfeng},
  journal={arXiv preprint arXiv:1901.11504},
  year={2019}
}



@inproceedings{snli:emnlp2015 ,
	Author = {Bowman, Samuel R. and Angeli, Gabor and Potts, Christopher, and Manning, Christopher D.},
	Booktitle = {Proceedings of the 2015 Conference on Empirical Methods in Natural Language Processing (EMNLP)},
	Publisher = {Association for Computational Linguistics},
	Title = {A large annotated corpus for learning natural language inference},
	Year = {2015}
}
@misc{sst5,
	author = {},
	title = {{P}apers with {C}ode - {S}{S}{T}-5 {F}ine-grained classification {B}enchmark ({S}entiment {A}nalysis) --- paperswithcode.com},
	howpublished = {\url{https://paperswithcode.com/sota/sentiment-analysis-on-sst-5-fine-grained}},
	year = {},
	note = {[Accessed 04-Mar-2023]},
}

@misc{qqp,
	author = {},
	title = {{P}apers with {C}ode - {Q}uora {Q}uestion {P}airs {D}ataset --- paperswithcode.com},
	howpublished = {\url{https://paperswithcode.com/dataset/quora-question-pairs}},
	year = {},
	note = {[Accessed 04-Mar-2023]},
}

@misc{stsb,
	author = {},
	title = {{P}apers with {C}ode - {S}{T}{S} {B}enchmark {D}ataset --- paperswithcode.com},
	howpublished = {\url{https://paperswithcode.com/dataset/sts-benchmark}},
	year = {},
	note = {[Accessed 04-Mar-2023]},
}